$bibtex = 'bibtex -min-crossrefs=99'